<?xml version="1.0" encoding="UTF-8"?><collection xmlns="http://www.loc.gov/MARC21/slim"><record><leader>00497nam--2200193-i-4500</leader><controlfield tag="001">000003709</controlfield><controlfield tag="002">20161230</controlfield><controlfield tag="005">20170131123236</controlfield><controlfield tag="008">060222s1000------------r-----000-0-rum-d</controlfield><datafield ind1=" " ind2=" " tag="040"><subfield code="a">IFIN-HH</subfield></datafield><datafield ind1=" " ind2=" " tag="041"><subfield code="a">rum</subfield></datafield><datafield ind1=" " ind2=" " tag="080"><subfield code="a">547(075.3)</subfield></datafield><datafield ind1="1" ind2=" " tag="100"><subfield code="a">Beral, E</subfield></datafield><datafield ind1="1" ind2="0" tag="245"><subfield code="a">Chimie organica. Manual pentru scoli de chimie</subfield><subfield code="c">E. Beral, M. Zapan</subfield></datafield><datafield ind1=" " ind2=" " tag="260"><subfield code="a">Bucuresti,</subfield><subfield code="b">Editura Tehnica</subfield><subfield code="c">1957</subfield></datafield><datafield ind1=" " ind2=" " tag="300"><subfield code="a">456 P.+ Erata</subfield></datafield><datafield ind1="1" ind2=" " tag="700"><subfield code="a">Zapan, M</subfield></datafield><datafield ind1=" " ind2=" " tag="852"><subfield code="a">4545</subfield><subfield code="c">547</subfield></datafield><datafield ind1=" " ind2=" " tag="CAT"><subfield code="a">SYS</subfield><subfield code="c">20170131</subfield><subfield code="h">123236</subfield></datafield></record></collection>